@MISC{kaggle:2022a,
      title = {{Kaggle: Medical Cost Personal Datasets}},
      key={Insurance Forecast by Linear Regression},
      howpublished = {\url{https://www.kaggle.com/datasets/mirichoi0218/insurance}},
      note= {Accessed: 2022-08-20},
}


@inbook{seber2012linear,
  title={{Linear Regression Analysis}},
  author={Seber, G.A.F. and Lee, A.J.},
  isbn={9781118274422},
  lccn={2003266044},
  chapter={4. Hypothesis Testing},
  series={Wiley Series in Probability and Statistics},
  year={2012},
  publisher={Wiley}
}
